<?xml version="1.0" encoding="UTF-8"?><collection xmlns="http://www.loc.gov/MARC21/slim"><record><leader>00627nam--2200205-u-4500</leader><controlfield tag="001">000051234</controlfield><controlfield tag="002">20161230</controlfield><controlfield tag="005">20161230201049</controlfield><controlfield tag="008">080603s1000------------r-----000-0-eng-d</controlfield><datafield ind1=" " ind2=" " tag="040"><subfield code="a">IFIN-HH</subfield></datafield><datafield ind1=" " ind2=" " tag="080"><subfield code="a">514.764</subfield></datafield><datafield ind1="1" ind2=" " tag="100"><subfield code="a">Montgomery,Richard</subfield></datafield><datafield ind1="1" ind2="0" tag="245"><subfield code="a">A Tour of Subriemannian Geometries, Their Geodesics and Applications</subfield></datafield><datafield ind1=" " ind2=" " tag="260"><subfield code="a">Providence</subfield><subfield code="b">American Mathematical Society</subfield><subfield code="c">2002</subfield></datafield><datafield ind1=" " ind2=" " tag="300"><subfield code="a">259 p</subfield></datafield><datafield ind1=" " ind2=" " tag="490"><subfield code="a">Mathematical Survey and Monographs</subfield><subfield code="v">Vol.91</subfield></datafield><datafield ind1=" " ind2=" " tag="504"><subfield code="a">Includes Bibliographical References and Index</subfield></datafield><datafield ind1=" " ind2="4" tag="650"><subfield code="a">Riemanian Geometry</subfield></datafield><datafield ind1=" " ind2=" " tag="852"><subfield code="a">81648</subfield><subfield code="c">513.73</subfield></datafield><datafield ind1=" " ind2=" " tag="CAT"><subfield code="a">Sys</subfield><subfield code="c">20080603</subfield><subfield code="h">114444</subfield></datafield></record></collection>